@inproceedings{ruossamortized,
  title={Amortized Planning with Large-Scale Transformers: A Case Study on Chess},
  author={Ruoss, Anian and Deletang, Gregoire and Medapati, Sourabh and Grau-Moya, Jordi and Wenliang, Li Kevin and Catt, Elliot and Reid, John and Lewis, Cannada A and Veness, Joel and Genewein, Tim},
  booktitle={The Thirty-eighth Annual Conference on Neural Information Processing Systems}
}

@article{monroe2024mastering,
  title={Mastering Chess with a Transformer Model},
  author={Monroe, Daniel and Chalmers, Philip A},
  journal={arXiv preprint arXiv:2409.12272},
  year={2024}
}
